<record><leader>00000cas a22000007a 4500</leader><controlfield tag="001">8349296</controlfield><controlfield tag="008">820419c19uu9999txucn ne      0   z0korrd</controlfield><datafield ind1=" " ind2=" " tag="010"><subfield code="a">sn 82002447 </subfield></datafield><datafield ind1=" " ind2=" " tag="040"><subfield code="a">NSD</subfield><subfield code="b">eng</subfield><subfield code="c">NSD</subfield><subfield code="d">PPM</subfield><subfield code="d">OCLCQ</subfield><subfield code="d">OCLCF</subfield><subfield code="d">OCLCO</subfield></datafield><datafield ind1=" " ind2=" " tag="012"><subfield code="j">0</subfield><subfield code="m">1</subfield></datafield><datafield ind1="1" ind2=" " tag="022"><subfield code="a">0744-5520</subfield><subfield code="l">0744-5520</subfield><subfield code="2">1</subfield></datafield><datafield ind1="1" ind2=" " tag="029"><subfield code="a">AU@</subfield><subfield code="b">000015765538</subfield></datafield><datafield ind1=" " ind2=" " tag="032"><subfield code="a">441450</subfield><subfield code="b">USPS</subfield></datafield><datafield ind1=" " ind2=" " tag="037"><subfield code="b">Minju Han'guk, 1222 Antoine Dr., Houston, Tex., 77055</subfield></datafield><datafield ind1=" " ind2=" " tag="042"><subfield code="a">nsdp</subfield></datafield><datafield ind1=" " ind2=" " tag="043"><subfield code="a">n-us-tx</subfield></datafield><datafield ind1=" " ind2="0" tag="222"><subfield code="a">Han'guk ilbo, Hyusu&#774;t'o&#774;n</subfield></datafield><datafield ind1="0" ind2="0" tag="245"><subfield code="a">Han'guk ilbo, Hyusu&#774;t'o&#774;n =</subfield><subfield code="b">The Korea times Houston edition.</subfield></datafield><datafield ind1="3" ind2="0" tag="246"><subfield code="a">Han'guk ilbo</subfield></datafield><datafield ind1="3" ind2="1" tag="246"><subfield code="a">Korea times Houston edition</subfield></datafield><datafield ind1="1" ind2="3" tag="246"><subfield code="a">Minju han'guk</subfield></datafield><datafield ind1=" " ind2=" " tag="260"><subfield code="a">Houston, Tex. :</subfield><subfield code="b">Korea News</subfield></datafield><datafield ind1=" " ind2=" " tag="310"><subfield code="a">Semiweekly (except Sundays, Jan. 2-4 &amp; holidays)</subfield></datafield><datafield ind1=" " ind2=" " tag="588"><subfield code="a">Description based on: 158 (Thursday, Apr. 1, 1982).</subfield></datafield><datafield ind1=" " ind2="0" tag="650"><subfield code="a">Korean Americans</subfield><subfield code="z">Texas</subfield><subfield code="v">Newspapers.</subfield></datafield><datafield ind1=" " ind2="7" tag="655"><subfield code="a">Newspapers.</subfield><subfield code="2">fast</subfield><subfield code="0">(OCoLC)fst01423814</subfield></datafield><datafield ind1=" " ind2="7" tag="650"><subfield code="a">Korean Americans.</subfield><subfield code="2">fast</subfield><subfield code="0">(OCoLC)fst00988587</subfield></datafield><datafield ind1=" " ind2="7" tag="651"><subfield code="a">Texas.</subfield><subfield code="2">fast</subfield><subfield code="0">(OCoLC)fst01210336</subfield></datafield><datafield ind1=" " ind2=" " tag="752"><subfield code="a">United States</subfield><subfield code="b">Texas</subfield><subfield code="c">Harris</subfield><subfield code="d">Houston.</subfield></datafield></record>